%%% ====================================================================
%%%  BibTeX-file{
%%%     author          = "Gerry Murray",
%%%     version         = "1.2",
%%%     date            = "2 April 2012",
%%%     filename        = "acmsmall-sample-bibfile.bib",
%%%     address         = "ACM, NY",
%%%     email           = "murray at hq.acm.org",
%%%     codetable       = "ISO/ASCII",
%%%     keywords        = "ACM Reference Format, bibliography, citation, references",
%%%     supported       = "yes",
%%%     docstring       = "This BibTeX database file contains 'bibdata' entries
%%%                        that 'match' the examples provided in the Specifications Document
%%%                        AND, also, 'legacy'-type bibs. It should assist authors in
%%%                        choosing the 'correct' at-bibtype and necessary bib-fields
%%%                        so as to obtain the appropriate ACM Reference Format output.
%%%                        It also contains many 'Standard Abbreviations'. "
%%%  }
%%% ====================================================================


%Entries

@article{DBLP:journals/corr/MengZHHBC17,
	author    = {Rui Meng and
	Sanqiang Zhao and
	Shuguang Han and
	Daqing He and
	Peter Brusilovsky and
	Yu Chi},
	title     = {Deep Keyphrase Generation},
	journal   = {CoRR},
	volume    = {abs/1704.06879},
	year      = {2017},
	url       = {http://arxiv.org/abs/1704.06879},
	archivePrefix = {arXiv},
	eprint    = {1704.06879},
	timestamp = {Mon, 13 Aug 2018 16:48:32 +0200},
	biburl    = {https://dblp.org/rec/bib/journals/corr/MengZHHBC17},
	bibsource = {dblp computer science bibliography, https://dblp.org}
}


@article{DBLP:journals/corr/MouMYLXZJ16,
	author    = {Lili Mou and
	Zhao Meng and
	Rui Yan and
	Ge Li and
	Yan Xu and
	Lu Zhang and
	Zhi Jin},
	title     = {How Transferable are Neural Networks in {NLP} Applications?},
	journal   = {CoRR},
	volume    = {abs/1603.06111},
	year      = {2016},
	url       = {http://arxiv.org/abs/1603.06111},
	archivePrefix = {arXiv},
	eprint    = {1603.06111},
	timestamp = {Mon, 13 Aug 2018 16:48:29 +0200},
	biburl    = {https://dblp.org/rec/bib/journals/corr/MouMYLXZJ16},
	bibsource = {dblp computer science bibliography, https://dblp.org}
}


@article{DBLP:journals/corr/RushCW15,
	author    = {Alexander M. Rush and
	Sumit Chopra and
	Jason Weston},
	title     = {A Neural Attention Model for Abstractive Sentence Summarization},
	journal   = {CoRR},
	volume    = {abs/1509.00685},
	year      = {2015},
	url       = {http://arxiv.org/abs/1509.00685},
	archivePrefix = {arXiv},
	eprint    = {1509.00685},
	timestamp = {Mon, 13 Aug 2018 16:46:49 +0200},
	biburl    = {https://dblp.org/rec/bib/journals/corr/RushCW15},
	bibsource = {dblp computer science bibliography, https://dblp.org}
}

@article{DBLP:journals/corr/SutskeverVL14,
	author    = {Ilya Sutskever and
	Oriol Vinyals and
	Quoc V. Le},
	title     = {Sequence to Sequence Learning with Neural Networks},
	journal   = {CoRR},
	volume    = {abs/1409.3215},
	year      = {2014},
	url       = {http://arxiv.org/abs/1409.3215},
	archivePfix = {arXiv},
	eprint    = {1409.3215},
	timestamp = {Mon, 13 Aug 2018 16:48:06 +0200},
	biburl    = {https://dblp.org/rec/bib/journals/corr/SutskeverVL14},
	bibsource = {dblp computer science bibliography, https://dblp.org}
}

@link{kaggle1,
	author = {Kaggle Competition},
	year      = {2017},
	url = {https://www.kaggle.com/stackoverflow/stacklite}
}

@link{kaggle2,
	author = {Kaggle Competition},
	year      = {2016},
	url = {https://www.kaggle.com/stackoverflow/stacksample}
}


@article{beliga2014keyword,
	title={Keyword extraction: a review of methods and approaches},
	author={Beliga, Slobodan},
	journal={University of Rijeka, Department of Informatics},
	pages={1--9},
	year={2014},
	publisher={Citeseer}
}

@article{hong2013keyword,
	title={Keyword extraction and semantic tag prediction},
	author={Hong, James and Fang, Michael},
	journal={unpublished(http://cs229. stanford. edu/proj2013/FangHong-Keyword\% 20Extraction\% 20and\% 20Semantic\% 20Tag\% 20Prediction. pd f)},
	year={2013}
}
